<record><leader>00000cas a22000007a 4500</leader><controlfield tag="001">15728737</controlfield><controlfield tag="008">870523d19161927iauwr ne      0    0eng d</controlfield><datafield ind1=" " ind2=" " tag="010"><subfield code="a">sn 87057509 </subfield></datafield><datafield ind1=" " ind2=" " tag="040"><subfield code="a">INP</subfield><subfield code="b">eng</subfield><subfield code="c">INP</subfield><subfield code="d">OCLCQ</subfield></datafield><datafield ind1=" " ind2=" " tag="042"><subfield code="a">msc</subfield></datafield><datafield ind1="0" ind2="4" tag="245"><subfield code="a">The Sidney Argus.</subfield></datafield><datafield ind1=" " ind2=" " tag="260"><subfield code="a">Sidney, Iowa :</subfield><subfield code="b">W.H. Howe,</subfield><subfield code="c">-1927.</subfield></datafield><datafield ind1=" " ind2=" " tag="300"><subfield code="a">v.</subfield></datafield><datafield ind1=" " ind2=" " tag="310"><subfield code="a">Weekly</subfield></datafield><datafield ind1="1" ind2=" " tag="362"><subfield code="a">Began July 27, 1916.</subfield></datafield><datafield ind1="0" ind2=" " tag="362"><subfield code="a">-v. 12, no. 10 (Sept. 15, 1927).</subfield></datafield><datafield ind1=" " ind2=" " tag="500"><subfield code="a">Publisher varies.</subfield></datafield><datafield ind1=" " ind2=" " tag="588"><subfield code="a">Description based on: Vol. 2, no. 1 (July 26, 1917).</subfield></datafield><datafield ind1=" " ind2=" " tag="752"><subfield code="a">United States</subfield><subfield code="b">Iowa</subfield><subfield code="c">Fremont</subfield><subfield code="d">Sidney.</subfield></datafield><datafield ind1="0" ind2="7" tag="785"><subfield code="t">Fremont County herald (Sidney, Iowa : 1885)</subfield><subfield code="w">(DLC)sn 87057507</subfield></datafield><datafield ind1="0" ind2="7" tag="785"><subfield code="t">Sidney Argus-herald</subfield><subfield code="w">(DLC)sn 87057510</subfield></datafield></record>